<?xml version="1.0" encoding="UTF-8"?><collection xmlns="http://www.loc.gov/MARC21/slim"><record><leader>00659nam--2200217-i-4500</leader><controlfield tag="001">000009927</controlfield><controlfield tag="002">20161230</controlfield><controlfield tag="005">20161230201028</controlfield><controlfield tag="008">060222s1000------------r-----000-0-rus-d</controlfield><datafield ind1=" " ind2=" " tag="040"><subfield code="a">IFIN-HH</subfield></datafield><datafield ind1=" " ind2=" " tag="041"><subfield code="a">rus</subfield></datafield><datafield ind1=" " ind2=" " tag="080"><subfield code="a">539.12.01</subfield></datafield><datafield ind1="1" ind2=" " tag="100"><subfield code="a">Elliot, J.P</subfield></datafield><datafield ind1="1" ind2="0" tag="245"><subfield code="a">Simmetria v fizike</subfield><subfield code="c">J.p. elliot, p.g. dawber</subfield></datafield><datafield ind1=" " ind2=" " tag="260"><subfield code="a">Moskva</subfield><subfield code="b">Mir</subfield><subfield code="c">1983</subfield></datafield><datafield ind1=" " ind2=" " tag="300"><subfield code="a">2 VOLUME</subfield></datafield><datafield ind1=" " ind2=" " tag="500"><subfield code="a">Titlul Original In Limba Engleza: Symmetry In Physics Volume 1 Principles And Simple Applications Volume 2 Further Applications</subfield></datafield><datafield ind1="1" ind2=" " tag="700"><subfield code="a">Dawber, P.G</subfield></datafield><datafield ind1="1" ind2=" " tag="787"><subfield code="a">Tom Vtoroi</subfield><subfield code="h">410p</subfield><subfield code="t">Dalneisie Prilojenia</subfield></datafield><datafield ind1=" " ind2=" " tag="852"><subfield code="a">35840</subfield><subfield code="c">539</subfield></datafield><datafield ind1=" " ind2=" " tag="CAT"><subfield code="a">Sys</subfield><subfield code="c">20111013</subfield><subfield code="h">114024</subfield></datafield></record></collection>